@book{osa,
author = {S. Potter},
  title = {{the Architecture of Open Source Software Applications - vol 2}},
  howpublished = "\url{http://aosabook.org/en/git.html}",
  year = {2012}, 
  publisher = "Aosabook.org"
}
@book{progit,
author = {S. Chacon},
  title = {{Pro Git}},
  howpublished = "\url{http://git-scm.com/book/en/}",
  year = {2009},
  publisher = "Apress"
}
@inproceedings{gupi,
  title={Globally unique product identifiers-requirements and solutions to product lifecycle management},
  author={Fr{\"a}mling Kary and Harrison Mark and Brusey James},
  booktitle={Proceedings of 12th IFAC Symposium on Information Control Problems in Manufacturing (INCOM)},
  pages={17--19},
  year={2006}
}
@paper{bitcoin,
author = "Satoshi Nakamoto",
  title = {{Bitcoin: A Peer-to-Peer Electronic Cash System}},
  howpublished = "\url{}",
  year = {2008},
  publisher = "Bitcoin.org"
}
@article {plcm,
author={Damith Ranasinghe and Mark Harrison and Kary Framling and Duncan McFarlane},
title="Enabling through life product-instance management: Solutions and challenges",
journal="Journal of Network and Computer Applications",
year="2010"
}
@article{pim,
title = "The product centric approach: a solution to supply network information management problems? ",
journal = "Computers in Industry ",
volume = "52",
number = "2",
pages = "147 - 159",
year = "2003",
note = "",
issn = "0166-3615",
doi = "http://dx.doi.org/10.1016/S0166-3615(03)00086-1",
url = "http://www.sciencedirect.com/science/article/pii/S0166361503000861",
author = "Mikko Kärkkäinen and Timo Ala-Risku and Kary Främling",
keywords = "Information management",
keywords = "Product centric approach",
keywords = "Customisation",
keywords = "Material flow",
keywords = "Information flow",
keywords = "Item identification "
}

@paper{apple,
    author={Matt Townsend},
    title={{Apple Said to Team With Visa, MasterCard on IPhone Wallet}},
    howpublished="\url{http://www.bloomberg.com/news/2014-08-31/apple-said-to-team-with-visa-mastercard-on-iphone-wallet.html}",
    year={2014},
    publisher="Bloomberg.com"
}
@book{android,
author={Karim Yaghmour},
title={{Embedded Android}},
publisher={O'Reilly Media},
year={2013}
}

@report{micrack,
author={Gerhard de Koning Gans, Jaap-Henk Hoepman, Flavio D. Garcia},
title={{A Practical Attack on the MIFARE Classic}},
howpublished="\url{http://www.cs.ru.nl/~flaviog/publications/Attack.MIFARE.pdf}",
year={2008}
}
@report{isim,
author = { C. Corcelle and K. Framling and L. Rabe et Al.},
  title = {{Assessment of item-specific information management approaches in the area of  heavy load vehicles}},
  howpublished = "\url{http://www.cs.hut.fi/~framling/Publications/PLM_07_CorcelleFramlingRabeEtAl.pdf}",
  year = {2007}
}
@article{agentbased,
title = "Agent-based model for managing composite product information ",
journal = "Computers in Industry ",
volume = "57",
number = "1",
pages = "72 - 81",
year = "2006",
note = "",
issn = "0166-3615",
doi = "http://dx.doi.org/10.1016/j.compind.2005.04.004",
url = "http://www.sciencedirect.com/science/article/pii/S0166361505000801",
author = "Kary Främling and Timo Ala-Risku and Mikko Kärkkäinen and Jan Holmström",
keywords = "Product information management",
keywords = "Product lifecycle management",
keywords = "Product assembly",
keywords = "Product agent",
keywords = "middleware "
}

@manual{mifare,
title="MIFARE Classic 1K - Mainstream contactless smart card IC for fast and easy solution development",
organization="NXP Semiconductors",
year="2011",
edition="Rev. 3.1",
author="NXP"
}

@report{lifecycle,
author = {C Ranasingh and M Harrison and K Främling et Al},
  title = {{Enabling through life product-instance management: Solutions and challenges}},
  howpublished = "\url{http://www.sciencedirect.com.lt.ltag.bibl.liu.se/science/article/pii/S1084804510000937}",
  year = {2013}
}